
@book{DarbyDowmanK.andConsoliS..2006,
 author = {{Darby-Dowman, K. and Consoli, S.}},
 year = {2006},
 title = {Combinatorial Optimization And Metaheuristics.},
 url = {http://hdl.handle.net/2438/503},
 address = {West London, UK}
}


@article{FeoT.andResendeM.1989,
 author = {{Feo, T. and Resende M}},
 year = {1989},
 title = {A probabilistic heuristic for a computationally difficult set covering problem.},
 url = {https://www.sciencedirect.com/science/article/abs/pii/0167637789900023},
 pages = {67--71},
 volume = {8},
 number = {2},
 journal = {Operations Research Letters}
}


@book{GloverF..2003,
 author = {{Glover F.}, Kochenberger G.},
 year = {2003},
 title = {Handbook Of Metaheuristics},
 address = {Boston},
 publisher = {{Kluwer Academic Publishers}}
}
